<record xmlns="http://www.loc.gov/MARC21/slim">
  <leader>00761nam a22002173a 4500</leader>
  <controlfield tag="001">000008255703</controlfield>
  <controlfield tag="003">CaOOAMICUS</controlfield>
  <controlfield tag="005">19880811      .0</controlfield>
  <controlfield tag="008">880811s1987    cn a|||      s00010 eng  </controlfield>
  <datafield tag="040" ind1=" " ind2=" ">
    <subfield code="a">CaOONLC</subfield>
    <subfield code="b">eng</subfield>
    <subfield code="c">CaOONLC</subfield>
  </datafield>
  <datafield tag="245" ind1="0" ind2="0">
    <subfield code="a">Media guide :</subfield>
    <subfield code="b">the A-Team, Team Alberta :</subfield>
    <subfield code="b">87 jeux Canada games, February 14-28, Cape Breton, Nova Scotia.</subfield>
  </datafield>
  <datafield tag="260" ind1="0" ind2=" ">
    <subfield code="a">[Calgary] :</subfield>
    <subfield code="b">Alberta Recreation and Parks,</subfield>
    <subfield code="c">1987.</subfield>
  </datafield>
  <datafield tag="300" ind1=" " ind2=" ">
    <subfield code="a">106 p.</subfield>
  </datafield>
  <datafield tag="710" ind1="1" ind2="0">
    <subfield code="a">Alberta.</subfield>
    <subfield code="b">Alberta Recreation and Parks.</subfield>
  </datafield>
  <datafield tag="852" ind1=" " ind2=" ">
    <subfield code="9">1</subfield>
    <subfield code="a">CaOONL</subfield>
    <subfield code="z">ILL: no</subfield>
  </datafield>
  <datafield tag="910" ind1="1" ind2="0">
    <subfield code="a">Alberta.</subfield>
    <subfield code="b">Dept. of Recreation and Parks.</subfield>
  </datafield>
  <datafield tag="910" ind1="1" ind2="0">
    <subfield code="a">Alberta.</subfield>
    <subfield code="b">Ministry of Recreation and Parks.</subfield>
  </datafield>
  <datafield tag="910" ind1="1" ind2="0">
    <subfield code="a">Alberta.</subfield>
    <subfield code="b">Recreation and Parks.</subfield>
  </datafield>
  <datafield tag="990" ind1="1" ind2="0">
    <subfield code="a">91001ab</subfield>
    <subfield code="b">71001ab</subfield>
  </datafield>
  <datafield tag="990" ind1="1" ind2="0">
    <subfield code="a">91002ab</subfield>
    <subfield code="b">71001ab</subfield>
  </datafield>
  <datafield tag="990" ind1="1" ind2="0">
    <subfield code="a">91003ab</subfield>
    <subfield code="b">71001ab</subfield>
  </datafield>
</record>
